@misc{IFPI,
  author = {{International Federation of the Phonographic Industry (IFPI)}},
  title = {IFPI Global Music Report 2024 State of the Industry},
  year = 2024,
  url = {https://ifpi-website-cms.s3.eu-west-2.amazonaws.com/IFPI_GMR_2024_State_of_the_Industry_db92a1c9c1.pdf},
  urldate = {2025-01-29}
}

@misc{BPI,
  author = {{British Phonographic Industry (BPI)}},
  title = {UK vinyl LP sales increase for a 16th consecutive year as the physical music market enjoys a strong 12 months},
  year = 2023,
  url = {https://www.bpi.co.uk/news-analysis/uk-vinyl-lp-sales-increase-for-a-16th-consecutive-year-as-the-physical-music-market-enjoys-a-strong-12-months},
  urldate = {2025-01-29}
}

@ARTICLE{5222784,
  author={Dyba, Tore and Dingsoyr, Torgeir},
  journal={IEEE Software},
  title={What Do We Know about Agile Software Development?},
  year={2009},
  volume={26},
  number={5},
  pages={6-9},
  keywords={Programming;Collaborative software;Humans;Social factors;Software development management;ISO standards;Communication system control;Environmental management;Innovation management;Application software;empirical software engineering;evidence-based software engineering;research synthesis;agile software development;XP;extreme programming;scrum;lean software development},
  doi={10.1109/MS.2009.145}
}

@article{andrei2019study,
  title={A study on using waterfall and agile methods in software project management},
  author={Andrei, Bogdan-Alexandru and Casu-Pop, Andrei-Cosmin and Gheorghe, Sorin-Catalin and Boiangiu, Costin-Anton},
  journal={Journal of Information Systems \& Operations Management},
  pages={125--135},
  year={2019},
  publisher={Romanian-American University, Scientific Research Department}
}

@misc{Shneiderman,
  author = {Ben Shneiderman},
  title = {The Eight Golden Rules of Interface Design},
  year = 2016,
  url = {https://www.cs.umd.edu/users/ben/goldenrules.html},
  urldate = {2025-02-05}
}

@INPROCEEDINGS{6822300,
  author={Taherdoost, Hamed and Sahibuddin, Shamsul and Jalaliyoon, Neda},
  booktitle={2014 International Conference on Computational Science and Computational Intelligence},
  title={Perceived Barriers and Benefits of Web Based Services},
  year={2014},
  volume={2},
  number={},
  pages={34-39},
  keywords={Consumer electronics;Customer satisfaction;Security;Education;Information technology;Companies;Web based serices;Electronic Services;SWOT;Barriers and Benefitss},
  doi={10.1109/CSCI.2014.91}}

@INPROCEEDINGS{9109514,
  author={Gos, Konrad and Zabierowski, Wojciech},
  booktitle={2020 IEEE XVIth International Conference on the Perspective Technologies and Methods in MEMS Design (MEMSTECH)},
  title={The Comparison of Microservice and Monolithic Architecture},
  year={2020},
  volume={},
  number={},
  pages={150-153},
  keywords={Micromechanical devices;Java;Software architecture;Design methodology;Conferences;Computer architecture;Software;monolith;microservice;architecture;spring;java},
  doi={10.1109/MEMSTECH49584.2020.9109514}}

@misc{BFF,
  author = {Sam Newman},
  title = {Pattern: Backends For Frontends},
  year = 2015,
  url = {https://samnewman.io/patterns/architectural/bff/},
  urldate = {2025-02-05}
}

@misc{FastAPI,
  author = {{Sebastián Ramírez (tiangolo)}},
  title = {FastAPI: Features},
  url = {https://fastapi.tiangolo.com/features/#editor-support},
  urldate = {2025-02-06},
}

@misc{React,
  author = {{React Team}},
  title = {React Reference},
  url = {https://react.dev/reference/react},
  urldate = {2025-02-06},
}
